# moje citace
@website{metricsToday,
  author       = {Ryan Black},
  title        = {23 software development metrics to track today},
  howpublished = {online},
  url          = {https://searchsoftwarequality.techtarget.com/tip/23-software-development-metrics-to-track-today},
  cited        = {2022-10-02}
}

@website{netem,
  author       = {PRIDAT AUTORA},
  title        = {Netem},
  howpublished = {online},
  url          = {https://wiki.linuxfoundation.org/networking/netem},
  cited        = {2022-10-02}
}

 